@article{DBLP:journals/corr/MnihKSGAWR13,
  author       = {Volodymyr Mnih and
                  Koray Kavukcuoglu and
                  David Silver and
                  Alex Graves and
                  Ioannis Antonoglou and
                  Daan Wierstra and
                  Martin A. Riedmiller},
  title        = {Playing Atari with Deep Reinforcement Learning},
  journal      = {CoRR},
  volume       = {abs/1312.5602},
  year         = {2013},
  url          = {http://arxiv.org/abs/1312.5602},
  eprinttype    = {arXiv},
  eprint       = {1312.5602},
  timestamp    = {Mon, 13 Aug 2018 16:47:42 +0200},
  biburl       = {https://dblp.org/rec/journals/corr/MnihKSGAWR13.bib},
  bibsource    = {dblp computer science bibliography, https://dblp.org}
}
@article{DBLP:journals/corr/abs-2103-04931,
  author       = {Maciej Swiechowski and
                  Konrad Godlewski and
                  Bartosz Sawicki and
                  Jacek Mandziuk},
  title        = {Monte Carlo Tree Search: {A} Review of Recent Modifications and Applications},
  journal      = {CoRR},
  volume       = {abs/2103.04931},
  year         = {2021},
  url          = {https://arxiv.org/abs/2103.04931},
  eprinttype    = {arXiv},
  eprint       = {2103.04931},
  timestamp    = {Thu, 14 Oct 2021 09:14:46 +0200},
  biburl       = {https://dblp.org/rec/journals/corr/abs-2103-04931.bib},
  bibsource    = {dblp computer science bibliography, https://dblp.org}
}
@article{DBLP:journals/corr/OSheaN15,
  author       = {Keiron O'Shea and
                  Ryan Nash},
  title        = {An Introduction to Convolutional Neural Networks},
  journal      = {CoRR},
  volume       = {abs/1511.08458},
  year         = {2015},
  url          = {http://arxiv.org/abs/1511.08458},
  eprinttype    = {arXiv},
  eprint       = {1511.08458},
  timestamp    = {Mon, 13 Aug 2018 16:46:52 +0200},
  biburl       = {https://dblp.org/rec/journals/corr/OSheaN15.bib},
  bibsource    = {dblp computer science bibliography, https://dblp.org}
}